
@MISC {1a,
    author = "Rick Wagner",
    year   = "2008",
	howpublished = "\url{http://rjwagner49.com/Robotics/Software/Applet/Traffic/Traffic.java}"	
}

@BOOK {2b,
    author    = "Daniel Shiffman",
    title     = "The Nature of Code",
	chapter   = "7. Cellular Automata"
    publisher = "Daniel Shiffman (using Magic Book Project)",
    year      = "2012",
	howpublished = "\url{http://http://natureofcode.com/book/}"
}

@MISC {3c,
    author       = "Nick Malleson and Nick Addis",
    title        = "Using Repast to move agents along a road network",
    howpublished = "http://crimesim.blogspot.it/2008/05/using-repast-to-move-agents-along-road.html",
    month        = "may",
    year         = "2008",
    note         = "A blogpost from a university lecturer and a phd student"
}


@MASTERSTHESIS {4d,
    author = "Andrew Lansdowne",
    title  = "Traffic Simulation using Agent-Based Modelling",
    school = "University of the West of England",
    year   = "2006",
    type   = "Undergraduate Bachelor Honours Thesis. Available at http://www.myhomezone.co.uk/project/Report.htm"
}

@MISC {5e,
    author       = "Charles M. Macal and Michael J. North",
    title        = "INTRODUCTORY TUTORIAL: AGENT-BASED MODELING AND SIMULATION",
    howpublished = "http://www.informs-sim.org/wsc11papers/130.pdf",
    year         = "2011",
    note         = "Proceedings of the 2011 Winter Simulation Conference"
}

@MISC {6f,
    author       = "Karima  Benhamza and  Salah  Ellagoune and Hamid  Seridi and Herman Akdag",
    title        = "Agent-based modeling for traffic simulation",
    howpublished = "http://www.umc.edu.dz/vf/images/misc/session4A/34-4A-paper2-Benhamza-SERIDI%20Hamid.pdf"
}

@MISC {7g,
    author       = "Nick Collier and Michael North",
    title        = "REPAST JAVA GETTING STARTED",
    howpublished = "http://repast.sourceforge.net/docs/RepastJavaGettingStarted.pdf",
    year         = "2014",
    month        ="jun",
    note         = "A tutorial, from Repast Simphony Documentation. Date is from the release of Simphony 2.2"
}

@MASTERSTHESIS {8h,
    author = "Guwoo Lee",
    title  = "Modeling Gap Acceptance at Freeway Merges",
    school = "Massachusetts Institute of Technology",
    year   = "2006",
    note   = "available at https://dspace.mit.edu/bitstream/handle/1721.1/34607/71301166.pdf"
}

@MISC {9i,
    author       = "Simone Giannecchini",
    title        = "GridConvergenceAngleCalc.java",
    howpublished = "https://github.com/geotools/geotools/blob/master/modules/unsupported/process-raster/src/main/java/org/geotools/process/raster/GridConvergenceAngleCalc.java",
    year         = "2014",
    note         = "part of the library geotools"
}

@MISC {10j,
    author       = "British Goverment, Department for Transport",
    title        = "Road Transport Forecasts 2013",
    howpublished = "https://www.gov.uk/government/publications/road-transport-forecasts-2013",
    month        = "jul",
    year         = "2013"
}

@MISC {11k,
    author       = "British Goverment, Department for Transport",
    title        = "An introduction to the Department for Transportâ€™s road congestion statistics",
    howpublished = "https://www.gov.uk/government/uploads/system/uploads/attachment_data/file/230433/an-introduction-to-dft-congestion-statistics.pdf",
    month        = "aug",
    year         = "2013"
}


@MISC {13n,
    author       = "Robert Hijmans ",
    title        = "DIVA-GIS",
    howpublished = "www.diva-gis.org/gdata",
    note         = "aggregation of various maps and data. Author listed is for the website, not the maps."
  
}

@MISC {12m,
    title        = "GeoTools The Open Source Java GIS Toolkit",
    howpublished = "http://www.geotools.org/",
    month        = "jun",
    year         = "2014",
    note         = "geotools library used for GIS"
}

@MISC {simphony,
    title        = "Repast Simphony 2.2",
    howpublished = "http://repast.sourceforge.net/repast_simphony.php",
    month        = "jun",
    year         = "2014"
}





